<record><leader>00000cas a2200000 a 4500</leader><controlfield tag="001">25388004</controlfield><controlfield tag="008">920304d18uu19uumiuwr ne      0    0eng c</controlfield><datafield ind1=" " ind2=" " tag="010"><subfield code="a">sn 92061471 </subfield></datafield><datafield ind1=" " ind2=" " tag="040"><subfield code="a">NYS</subfield><subfield code="b">eng</subfield><subfield code="c">NYS</subfield><subfield code="d">MHN</subfield><subfield code="d">OCL</subfield><subfield code="d">OCLCQ</subfield><subfield code="d">OCLCF</subfield><subfield code="d">OCLCO</subfield></datafield><datafield ind1="1" ind2=" " tag="029"><subfield code="a">AU@</subfield><subfield code="b">000020106934</subfield></datafield><datafield ind1=" " ind2=" " tag="042"><subfield code="a">pcc</subfield></datafield><datafield ind1=" " ind2=" " tag="043"><subfield code="a">n-us-mi</subfield></datafield><datafield ind1="0" ind2="4" tag="245"><subfield code="a">The Sault Ste. Marie news.</subfield></datafield><datafield ind1="3" ind2=" " tag="246"><subfield code="a">Sault Sainte Marie news</subfield></datafield><datafield ind1=" " ind2=" " tag="260"><subfield code="a">Sault Ste. Marie, Mich. :</subfield><subfield code="b">Osborn &amp; Hoyt</subfield></datafield><datafield ind1=" " ind2=" " tag="300"><subfield code="a">v.</subfield></datafield><datafield ind1=" " ind2=" " tag="310"><subfield code="a">Weekly</subfield></datafield><datafield ind1=" " ind2=" " tag="515"><subfield code="a">Whole numbering added: Vol. 33, no. 18 (May 6, 1910) = whole number 1678.</subfield></datafield><datafield ind1=" " ind2=" " tag="580"><subfield code="a">Other eds.: Sault news-record, and: Lake Superior journal.</subfield></datafield><datafield ind1=" " ind2=" " tag="588"><subfield code="a">Description based on: Vol. 11, no. 1 (Jan. 7, 1888).</subfield></datafield><datafield ind1=" " ind2="0" tag="651"><subfield code="a">Sault Sainte Marie (Mich.)</subfield><subfield code="v">Newspapers.</subfield></datafield><datafield ind1=" " ind2="0" tag="651"><subfield code="a">Chippewa County (Mich.)</subfield><subfield code="v">Newspapers.</subfield></datafield><datafield ind1=" " ind2="7" tag="655"><subfield code="a">Newspapers.</subfield><subfield code="2">fast</subfield><subfield code="0">(OCoLC)fst01423814</subfield></datafield><datafield ind1=" " ind2="7" tag="651"><subfield code="a">Michigan</subfield><subfield code="z">Chippewa County.</subfield><subfield code="2">fast</subfield><subfield code="0">(OCoLC)fst01206567</subfield></datafield><datafield ind1=" " ind2="7" tag="651"><subfield code="a">Michigan</subfield><subfield code="z">Sault Sainte Marie.</subfield><subfield code="2">fast</subfield><subfield code="0">(OCoLC)fst01211415</subfield></datafield><datafield ind1=" " ind2=" " tag="752"><subfield code="a">United States</subfield><subfield code="b">Michigan</subfield><subfield code="c">Chippewa</subfield><subfield code="d">Sault Sainte Marie.</subfield></datafield><datafield ind1="1" ind2=" " tag="775"><subfield code="t">Sault news-record</subfield></datafield><datafield ind1="1" ind2=" " tag="775"><subfield code="t">Lake Superior journal</subfield></datafield><datafield ind1="0" ind2="0" tag="780"><subfield code="t">Chippewa County news</subfield><subfield code="w">(DLC)sn 85038671</subfield><subfield code="w">(OCoLC)12881504</subfield></datafield></record>